@article{Ardizzone2018,
  author    = {Lynton Ardizzone and
               Jakob Kruse and
               Sebastian J. Wirkert and
               Daniel Rahner and
               Eric W. Pellegrini and
               Ralf S. Klessen and
               Lena Maier{-}Hein and
               Carsten Rother and
               Ullrich K{\"{o}}the},
  title     = {Analyzing Inverse Problems with Invertible Neural Networks},
  journal   = {CoRR},
  volume    = {abs/1808.04730},
  year      = {2018},
  url       = {http://arxiv.org/abs/1808.04730},
  archivePrefix = {arXiv},
  eprint    = {1808.04730},
  timestamp = {Sun, 02 Sep 2018 15:01:56 +0200},
  biburl    = {https://dblp.org/rec/journals/corr/abs-1808-04730.bib},
  bibsource = {dblp computer science bibliography, https://dblp.org}
}

@inproceedings{Sohn2015,
 author = {Sohn, Kihyuk and Lee, Honglak and Yan, Xinchen},
 booktitle = {Advances in Neural Information Processing Systems},
 editor = {C. Cortes and N. Lawrence and D. Lee and M. Sugiyama and R. Garnett},
 pages = {3483--3491},
 publisher = {Curran Associates, Inc.},
 title = {Learning Structured Output Representation using Deep Conditional Generative Models},
 url = {https://proceedings.neurips.cc/paper/2015/file/8d55a249e6baa5c06772297520da2051-Paper.pdf},
 volume = {28},
 year = {2015}
}


@article{Mehdi2018,
  author    = {Mehdi Mirza and
               Simon Osindero},
  title     = {Conditional Generative Adversarial Nets},
  journal   = {CoRR},
  volume    = {abs/1411.1784},
  year      = {2014},
  url       = {http://arxiv.org/abs/1411.1784},
  archivePrefix = {arXiv},
  eprint    = {1411.1784},
  timestamp = {Mon, 13 Aug 2018 16:48:15 +0200},
  biburl    = {https://dblp.org/rec/journals/corr/MirzaO14.bib},
  bibsource = {dblp computer science bibliography, https://dblp.org}
}

@article{Gretton2008,
  author    = {Arthur Gretton and
               Karsten M. Borgwardt and
               Malte J. Rasch and
               Bernhard Sch{\"{o}}lkopf and
               Alexander J. Smola},
  title     = {A Kernel Method for the Two-Sample Problem},
  journal   = {CoRR},
  volume    = {abs/0805.2368},
  year      = {2008},
  url       = {http://arxiv.org/abs/0805.2368},
  archivePrefix = {arXiv},
  eprint    = {0805.2368},
  timestamp = {Mon, 13 Aug 2018 16:47:18 +0200},
  biburl    = {https://dblp.org/rec/journals/corr/abs-0805-2368.bib},
  bibsource = {dblp computer science bibliography, https://dblp.org}
}